[gd_scene load_steps=18 format=2]

[ext_resource path="res://plugins/minigames/escape_from_lava_1v3/minigame.gd" type="Script" id=1]
[ext_resource path="res://plugins/minigames/escape_from_lava_1v3/player.tscn" type="PackedScene" id=2]
[ext_resource path="res://assets/textures/lava.png" type="Texture" id=3]
[ext_resource path="res://plugins/minigames/escape_from_lava_1v3/ground.dae" type="PackedScene" id=4]
[ext_resource path="res://scenes/waypoint/waypoint.tscn" type="PackedScene" id=5]
[ext_resource path="res://plugins/minigames/escape_from_lava_1v3/door.tscn" type="PackedScene" id=6]
[ext_resource path="res://assets/fonts/title_font.tres" type="DynamicFont" id=7]
[ext_resource path="res://scenes/control_view/control_view_2d.tscn" type="PackedScene" id=8]
[ext_resource path="res://assets/music/minigames/escape from lava.ogg" type="AudioStream" id=9]
[ext_resource path="res://scenes/countdown/countdown.tscn" type="PackedScene" id=10]

[sub_resource type="PlaneMesh" id=1]
size = Vector2( 128, 128 )

[sub_resource type="SpatialMaterial" id=2]
params_diffuse_mode = 4
params_specular_mode = 4
albedo_texture = ExtResource( 3 )
roughness = 0.0
uv1_scale = Vector3( 4, 4, 4 )

[sub_resource type="BoxShape" id=3]
extents = Vector3( 64, 0.1, 64 )

[sub_resource type="BoxShape" id=4]
extents = Vector3( 5, 0.1, 1 )

[sub_resource type="BoxShape" id=5]
extents = Vector3( 5, 0.1, 1 )

[sub_resource type="BoxShape" id=6]
extents = Vector3( 5, 0.1, 1 )

[sub_resource type="BoxShape" id=7]
extents = Vector3( 6, 0.1, 2 )

[node name="Spatial" type="Spatial"]
script = ExtResource( 1 )

[node name="EndTimer" type="Timer" parent="."]
wait_time = 2.0
one_shot = true

[node name="Player1" parent="." instance=ExtResource( 2 )]
transform = Transform( 1, 0, 0, 0, 1, 0, 0, 0, 1, 1, -0.25, -28 )
is_solo_player = false

[node name="Player2" parent="." instance=ExtResource( 2 )]
transform = Transform( 1, 0, 0, 0, 1, 0, 0, 0, 1, -1, -0.25, -28 )
is_solo_player = false

[node name="Player3" parent="." instance=ExtResource( 2 )]
transform = Transform( 1, 0, 0, 0, 1, 0, 0, 0, 1, 0, 0, -28 )
is_solo_player = false

[node name="Player4" parent="." instance=ExtResource( 2 )]
transform = Transform( 1, 0, 0, 0, 1, 0, 0, 0, 1, -0.5, 0, -40 )
is_solo_player = true

[node name="Lava" type="Area" parent="."]
transform = Transform( 1, 0, 0, 0, 1, 0, 0, 0, 1, 0, -1, 0 )
collision_layer = 2

[node name="MeshInstance" type="MeshInstance" parent="Lava"]
mesh = SubResource( 1 )
material/0 = SubResource( 2 )

[node name="CollisionShape" type="CollisionShape" parent="Lava"]
transform = Transform( 1, 0, 0, 0, 1, 0, 0, 0, 1, 0, -0.25, 0 )
shape = SubResource( 3 )

[node name="Ground" parent="." instance=ExtResource( 4 )]
transform = Transform( 4.88762e-07, 0, -1, 0, 1, 0, 1, 0, 4.88762e-07, 0, 0, -32 )

[node name="Navigation" type="Spatial" parent="."]

[node name="Waypoint" parent="Navigation" instance=ExtResource( 5 )]
transform = Transform( 1, 0, 0, 0, 1, 0, 0, 0, 1, 0.25, 0.084275, -27 )
nodes = [ NodePath("../Waypoint2"), NodePath("../Waypoint3") ]

[node name="Waypoint2" parent="Navigation" instance=ExtResource( 5 )]
transform = Transform( 1, 0, 0, 0, 1, 0, 0, 0, 1, -1.62985, 0.114126, -19.9804 )
nodes = [ NodePath("../Waypoint11"), NodePath("../Waypoint4") ]

[node name="Waypoint11" parent="Navigation" instance=ExtResource( 5 )]
transform = Transform( 1, 0, 0, 0, 1, 0, 0, 0, 1, -2.44189, 0.331367, -17.3166 )
nodes = [ NodePath("../Waypoint7") ]

[node name="Waypoint3" parent="Navigation" instance=ExtResource( 5 )]
transform = Transform( 1, 0, 0, 0, 1, 0, 0, 0, 1, 3.20906, 0.185743, -20.4348 )
nodes = [ NodePath("../Waypoint4"), NodePath("../Waypoint23") ]

[node name="Waypoint4" parent="Navigation" instance=ExtResource( 5 )]
transform = Transform( 1, 0, 0, 0, 1, 0, 0, 0, 1, 0.823617, 0.0889988, -19.827 )
nodes = [ NodePath("../Waypoint5") ]

[node name="Waypoint5" parent="Navigation" instance=ExtResource( 5 )]
transform = Transform( 1, 0, 0, 0, 1, 0, 0, 0, 1, 0.823617, 1.04602, -12.6155 )
nodes = [ NodePath("../Waypoint10"), NodePath("../Waypoint9"), NodePath("../Waypoint8") ]

[node name="Waypoint6" parent="Navigation" instance=ExtResource( 5 )]
transform = Transform( 1, 0, 0, 0, 1, 0, 0, 0, 1, 2.61305, 1.04602, -12.6155 )
nodes = [ NodePath("../Waypoint8"), NodePath("../Waypoint9"), NodePath("../Waypoint10") ]

[node name="Waypoint23" parent="Navigation" instance=ExtResource( 5 )]
transform = Transform( 1, 0, 0, 0, 1, 0, 0, 0, 1, 5.64593, 0.291183, -16.39 )
nodes = [ NodePath("../Waypoint6") ]

[node name="Waypoint7" parent="Navigation" instance=ExtResource( 5 )]
transform = Transform( 1, 0, 0, 0, 1, 0, 0, 0, 1, -1.29073, 1.04602, -12.6155 )
nodes = [ NodePath("../Waypoint8"), NodePath("../Waypoint9"), NodePath("../Waypoint10") ]

[node name="Waypoint8" parent="Navigation" instance=ExtResource( 5 )]
transform = Transform( 1, 0, 0, 0, 1, 0, 0, 0, 1, 1.02846, 1.04602, -9.85709 )
nodes = [ NodePath("../Waypoint12") ]

[node name="Waypoint12" parent="Navigation" instance=ExtResource( 5 )]
transform = Transform( 1, 0, 0, 0, 1, 0, 0, 0, 1, 0.0476138, 2.02309, 1.16699 )
nodes = [ NodePath("../Waypoint20"), NodePath("../Waypoint24"), NodePath("../Waypoint25") ]

[node name="Waypoint24" parent="Navigation" instance=ExtResource( 5 )]
transform = Transform( 1, 0, 0, 0, 1, 0, 0, 0, 1, 0.0476138, 2.02309, 2.3228 )
nodes = [ NodePath("../Waypoint17") ]

[node name="Waypoint17" parent="Navigation" instance=ExtResource( 5 )]
transform = Transform( 1, 0, 0, 0, 1, 0, 0, 0, 1, -0.625458, 3.42084, 16.1707 )
nodes = null

[node name="Waypoint9" parent="Navigation" instance=ExtResource( 5 )]
transform = Transform( 1, 0, 0, 0, 1, 0, 0, 0, 1, -0.648482, 1.04602, -9.85709 )
nodes = [ NodePath("../Waypoint15") ]

[node name="Waypoint15" parent="Navigation" instance=ExtResource( 5 )]
transform = Transform( 1, 0, 0, 0, 1, 0, 0, 0, 1, -4.54044, 1.46507, -3.39834 )
nodes = [ NodePath("../Waypoint16") ]

[node name="Waypoint16" parent="Navigation" instance=ExtResource( 5 )]
transform = Transform( 1, 0, 0, 0, 1, 0, 0, 0, 1, -1.48782, 2.03565, 0.954097 )
nodes = [ NodePath("../Waypoint25"), NodePath("../Waypoint24"), NodePath("../Waypoint20") ]

[node name="Waypoint25" parent="Navigation" instance=ExtResource( 5 )]
transform = Transform( 1, 0, 0, 0, 1, 0, 0, 0, 1, -1.83911, 2.03565, 2.12917 )
nodes = [ NodePath("../Waypoint18") ]

[node name="Waypoint18" parent="Navigation" instance=ExtResource( 5 )]
transform = Transform( 1, 0, 0, 0, 1, 0, 0, 0, 1, -7.45351, 3.24496, 10.5065 )
nodes = [ NodePath("../Waypoint19") ]

[node name="Waypoint19" parent="Navigation" instance=ExtResource( 5 )]
transform = Transform( 1, 0, 0, 0, 1, 0, 0, 0, 1, -7.31945, 3.49915, 15.3296 )
nodes = null

[node name="Waypoint10" parent="Navigation" instance=ExtResource( 5 )]
transform = Transform( 1, 0, 0, 0, 1, 0, 0, 0, 1, 2.49729, 1.04602, -9.85709 )
nodes = [ NodePath("../Waypoint13") ]

[node name="Waypoint13" parent="Navigation" instance=ExtResource( 5 )]
transform = Transform( 1, 0, 0, 0, 1, 0, 0, 0, 1, 5.11438, 1.41743, -3.10745 )
nodes = [ NodePath("../Waypoint14") ]

[node name="Waypoint14" parent="Navigation" instance=ExtResource( 5 )]
transform = Transform( 1, 0, 0, 0, 1, 0, 0, 0, 1, 2.04429, 1.88794, 1.12264 )
nodes = [ NodePath("../Waypoint20"), NodePath("../Waypoint24"), NodePath("../Waypoint25") ]

[node name="Waypoint20" parent="Navigation" instance=ExtResource( 5 )]
transform = Transform( 1, 0, 0, 0, 1, 0, 0, 0, 1, 1.77909, 2.18118, 2.43186 )
nodes = [ NodePath("../Waypoint21") ]

[node name="Waypoint21" parent="Navigation" instance=ExtResource( 5 )]
transform = Transform( 1, 0, 0, 0, 1, 0, 0, 0, 1, 5.32239, 3.30388, 10.6326 )
nodes = null

[node name="Waypoint22" parent="Navigation" instance=ExtResource( 5 )]
transform = Transform( 1, 0, 0, 0, 1, 0, 0, 0, 1, 2.23368, 3.4117, 15.5594 )
nodes = null

[node name="Camera" type="Camera" parent="."]
transform = Transform( -1, 1.37706e-07, -2.95313e-07, 0, 0.906308, 0.422618, 3.25841e-07, 0.422618, -0.906308, 0, 4, -32 )

[node name="DirectionalLight" type="DirectionalLight" parent="."]
transform = Transform( 0.244635, 0.809901, -0.533117, -0.140853, 0.573675, 0.806881, 0.95933, -0.1223, 0.254418, -16.1204, 4.31411, 0 )
light_energy = 0.35

[node name="Stage1" type="Spatial" parent="."]
transform = Transform( 1, 0, 0, 0, 1, 0, 0, 0, 1, 0, 0, -16 )

[node name="Door1" parent="Stage1" instance=ExtResource( 6 )]
transform = Transform( 0.838447, 0, 0.544984, 0, 1, 0, -0.544984, 0, 0.838447, 4.91767, 0.365076, -2.58318 )

[node name="Door2" parent="Stage1" instance=ExtResource( 6 )]
transform = Transform( 1, 0, 0, 0, 1, 0, 0, 0, 1, 0.90116, 0.398208, -1.5005 )

[node name="Door3" parent="Stage1" instance=ExtResource( 6 )]
transform = Transform( 0.984164, 0, -0.177263, 0, 1, 0, 0.177263, 0, 0.984164, -2.28663, 0.312735, -1.75929 )

[node name="Area" type="Area" parent="Stage1"]
transform = Transform( 1, 0, 0, 0, 1, 0, 0, 0, 1, 0, 0.1, -4 )

[node name="CollisionShape" type="CollisionShape" parent="Stage1/Area"]
shape = SubResource( 4 )

[node name="Stage2" type="Spatial" parent="."]
transform = Transform( 1, 0, 0, 0, 1, 0, 0, 0, 1, 0, 0, -4 )

[node name="Door" parent="Stage2" instance=ExtResource( 6 )]
transform = Transform( 0.851019, 0, -0.525135, 0, 1, 0, 0.525135, 0, 0.851019, -2.32029, 1.06586, -2.91898 )

[node name="Door2" parent="Stage2" instance=ExtResource( 6 )]
transform = Transform( 1, 0, 0, 0, 1, 0, 0, 0, 1, 0.952015, 1.28572, -2.27894 )

[node name="Door3" parent="Stage2" instance=ExtResource( 6 )]
transform = Transform( 0.874319, 0, 0.485351, 0, 1, 0, -0.485351, 0, 0.874319, 3.92792, 1.202, -2.58933 )

[node name="Area" type="Area" parent="Stage2"]
transform = Transform( 1, 0, 0, 0, 1, 0, 0, 0, 1, 0, 1, -6.11474 )

[node name="CollisionShape" type="CollisionShape" parent="Stage2/Area"]
shape = SubResource( 5 )

[node name="Stage3" type="Spatial" parent="."]
transform = Transform( 1, 0, 0, 0, 1, 0, 0, 0, 1, 0, 0, 8 )

[node name="Door" parent="Stage3" instance=ExtResource( 6 )]
transform = Transform( 0.853032, 0, -0.521859, 0, 1, 0, 0.521859, 0, 0.853032, -3.88713, 2.57604, -3.31002 )

[node name="Door2" parent="Stage3" instance=ExtResource( 6 )]
transform = Transform( 1, 0, 0, 0, 1, 0, 0, 0, 1, -0.555815, 2.53712, -2.35655 )

[node name="Door3" parent="Stage3" instance=ExtResource( 6 )]
transform = Transform( 0.929064, 0, 0.369919, 0, 1, 0, -0.369919, 0, 0.929064, 2.71413, 2.38295, -3.30166 )

[node name="Area" type="Area" parent="Stage3"]
transform = Transform( 1, 0, 0, 0, 1, 0, 0, 0, 1, 0, 2, -6 )

[node name="CollisionShape" type="CollisionShape" parent="Stage3/Area"]
shape = SubResource( 6 )

[node name="Finish" type="Area" parent="."]
transform = Transform( 1, 0, 0, 0, 1, 0, 0, 0, 1, -2, 3.5, 17 )

[node name="CollisionShape" type="CollisionShape" parent="Finish"]
shape = SubResource( 7 )

[node name="Screen" type="Control" parent="."]
anchor_right = 1.0
anchor_bottom = 1.0

[node name="Label" type="Label" parent="Screen"]
visible = false
anchor_right = 1.0
margin_top = 50.0
margin_bottom = 58.0
custom_fonts/font = ExtResource( 7 )
custom_colors/font_color_shadow = Color( 0, 0, 0, 1 )
text = "ESCAPE_FROM_LAVA_FINISH_MSG"
align = 1
valign = 1

[node name="ControlView2D" parent="Screen" instance=ExtResource( 8 )]
anchor_top = 1.0
anchor_bottom = 1.0
margin_left = 64.0
margin_top = -192.0
margin_right = 192.0
margin_bottom = -64.0

[node name="ControlView2D2" parent="Screen" instance=ExtResource( 8 )]
anchor_left = 0.5
anchor_top = 1.0
anchor_right = 0.5
anchor_bottom = 1.0
margin_left = -64.0
margin_top = -192.0
margin_right = 64.0
margin_bottom = -64.0

[node name="ControlView2D3" parent="Screen" instance=ExtResource( 8 )]
anchor_left = 1.0
anchor_top = 1.0
anchor_right = 1.0
anchor_bottom = 1.0
margin_left = -192.0
margin_top = -192.0
margin_right = -64.0
margin_bottom = -64.0

[node name="AudioStreamPlayer" type="AudioStreamPlayer" parent="."]
pause_mode = 2
stream = ExtResource( 9 )
autoplay = true

[node name="Countdown" parent="." instance=ExtResource( 10 )]
[connection signal="timeout" from="EndTimer" to="." method="_on_EndTimer_timeout"]
[connection signal="body_entered" from="Lava" to="." method="_on_Lava_body_entered"]
[connection signal="body_entered" from="Stage1/Area" to="." method="enter_stage" binds= [ 1 ]]
[connection signal="body_entered" from="Stage2/Area" to="." method="enter_stage" binds= [ 2 ]]
[connection signal="body_entered" from="Stage3/Area" to="." method="enter_stage" binds= [ 3 ]]
[connection signal="body_entered" from="Finish" to="." method="_on_Finish_body_entered"]
