[gd_scene load_steps=47 format=2]

[ext_resource path="res://plugins/characters/Tux/tux.glb" type="PackedScene" id=1]
[ext_resource path="res://plugins/characters/Green Tux/material.tres" type="Material" id=2]
[ext_resource path="res://assets/textures/stun.png" type="Texture" id=3]
[ext_resource path="res://scripts/character.gd" type="Script" id=4]

[sub_resource type="Animation" id=1]
resource_name = "stun"
loop = true
tracks/0/type = "value"
tracks/0/path = NodePath("Armature/Skeleton/BoneAttachment/Sprite3D:rotation_degrees")
tracks/0/interp = 1
tracks/0/loop_wrap = true
tracks/0/imported = false
tracks/0/enabled = true
tracks/0/keys = {
"times": PoolRealArray( 0, 1 ),
"transitions": PoolRealArray( 1, 1 ),
"update": 0,
"values": [ Vector3( 0, 0, 0 ), Vector3( 0, -360, 0 ) ]
}

[sub_resource type="Animation" id=2]
resource_name = "stun_sprite_invisible"
length = 0.001
tracks/0/type = "value"
tracks/0/path = NodePath("Armature/Skeleton/BoneAttachment/Sprite3D:visible")
tracks/0/interp = 1
tracks/0/loop_wrap = true
tracks/0/imported = false
tracks/0/enabled = true
tracks/0/keys = {
"times": PoolRealArray( 0 ),
"transitions": PoolRealArray( 1 ),
"update": 1,
"values": [ false ]
}

[sub_resource type="Animation" id=3]
resource_name = "stun_sprite_visible"
length = 0.001
tracks/0/type = "value"
tracks/0/path = NodePath("Armature/Skeleton/BoneAttachment/Sprite3D:visible")
tracks/0/interp = 1
tracks/0/loop_wrap = true
tracks/0/imported = false
tracks/0/enabled = true
tracks/0/keys = {
"times": PoolRealArray( 0 ),
"transitions": PoolRealArray( 1 ),
"update": 1,
"values": [ true ]
}

[sub_resource type="CapsuleShape" id=4]
radius = 0.3
height = 0.25

[sub_resource type="AnimationNodeAnimation" id=5]
animation = "happy-loop"

[sub_resource type="AnimationNodeAnimation" id=6]
animation = "idle-loop"

[sub_resource type="AnimationNodeAnimation" id=7]
animation = "jump"

[sub_resource type="AnimationNodeAnimation" id=8]
animation = "kick"

[sub_resource type="AnimationNodeAnimation" id=9]
animation = "punch"

[sub_resource type="AnimationNodeAnimation" id=10]
animation = "run-loop"

[sub_resource type="AnimationNodeAnimation" id=11]
animation = "sad-loop"

[sub_resource type="AnimationNodeAnimation" id=12]
animation = "stun-begin"

[sub_resource type="AnimationNodeAnimation" id=13]
animation = "stun-end"

[sub_resource type="AnimationNodeAdd2" id=14]

[sub_resource type="AnimationNodeAnimation" id=15]
animation = "stun"

[sub_resource type="AnimationNodeAnimation" id=16]
animation = "stun-loop"

[sub_resource type="AnimationNodeBlendTree" id=17]
graph_offset = Vector2( -303, 151 )
nodes/Add2/node = SubResource( 14 )
nodes/Add2/position = Vector2( 80, 140 )
nodes/Animation/node = SubResource( 16 )
nodes/Animation/position = Vector2( -120, 160 )
"nodes/Animation 2/node" = SubResource( 15 )
"nodes/Animation 2/position" = Vector2( -120, 280 )
node_connections = [ "output", 0, "Add2", "Add2", 0, "Animation", "Add2", 1, "Animation 2" ]

[sub_resource type="AnimationNodeAnimation" id=18]
animation = "stun_sprite_invisible"

[sub_resource type="AnimationNodeAnimation" id=19]
animation = "stun_sprite_visible"

[sub_resource type="AnimationNodeAnimation" id=20]
animation = "walk-loop"

[sub_resource type="AnimationNodeStateMachineTransition" id=21]
switch_mode = 2

[sub_resource type="AnimationNodeStateMachineTransition" id=22]

[sub_resource type="AnimationNodeStateMachineTransition" id=23]
switch_mode = 2

[sub_resource type="AnimationNodeStateMachineTransition" id=24]

[sub_resource type="AnimationNodeStateMachineTransition" id=25]
switch_mode = 2

[sub_resource type="AnimationNodeStateMachineTransition" id=26]
switch_mode = 2

[sub_resource type="AnimationNodeStateMachineTransition" id=27]

[sub_resource type="AnimationNodeStateMachineTransition" id=28]

[sub_resource type="AnimationNodeStateMachineTransition" id=29]

[sub_resource type="AnimationNodeStateMachineTransition" id=30]

[sub_resource type="AnimationNodeStateMachineTransition" id=31]

[sub_resource type="AnimationNodeStateMachineTransition" id=32]
switch_mode = 2

[sub_resource type="AnimationNodeStateMachineTransition" id=33]

[sub_resource type="AnimationNodeStateMachineTransition" id=34]
switch_mode = 2

[sub_resource type="AnimationNodeStateMachineTransition" id=35]

[sub_resource type="AnimationNodeStateMachineTransition" id=36]

[sub_resource type="AnimationNodeStateMachineTransition" id=37]

[sub_resource type="AnimationNodeStateMachineTransition" id=38]

[sub_resource type="AnimationNodeStateMachineTransition" id=39]

[sub_resource type="AnimationNodeStateMachineTransition" id=40]

[sub_resource type="AnimationNodeStateMachine" id=41]
states/happy/node = SubResource( 5 )
states/happy/position = Vector2( 662, 2.86 )
states/idle/node = SubResource( 6 )
states/idle/position = Vector2( 260, 47 )
states/jump/node = SubResource( 7 )
states/jump/position = Vector2( 18, 57.86 )
states/kick/node = SubResource( 8 )
states/kick/position = Vector2( 39, -53.14 )
states/punch/node = SubResource( 9 )
states/punch/position = Vector2( 247, -79.14 )
states/run/node = SubResource( 10 )
states/run/position = Vector2( 151, 243.86 )
states/sad/node = SubResource( 11 )
states/sad/position = Vector2( 522, -62.14 )
states/stun/node = SubResource( 17 )
states/stun/position = Vector2( 796, 260 )
states/stun-begin/node = SubResource( 12 )
states/stun-begin/position = Vector2( 642, 260 )
states/stun-end/node = SubResource( 13 )
states/stun-end/position = Vector2( 508, 157 )
states/stun_sprite_invisible/node = SubResource( 18 )
states/stun_sprite_invisible/position = Vector2( 771, 157 )
states/stun_sprite_visible/node = SubResource( 19 )
states/stun_sprite_visible/position = Vector2( 428, 260 )
states/walk/node = SubResource( 20 )
states/walk/position = Vector2( 37, 165.86 )
transitions = [ "stun-end", "idle", SubResource( 21 ), "stun", "stun_sprite_invisible", SubResource( 22 ), "stun_sprite_invisible", "stun-end", SubResource( 23 ), "idle", "stun_sprite_visible", SubResource( 24 ), "stun_sprite_visible", "stun-begin", SubResource( 25 ), "stun-begin", "stun", SubResource( 26 ), "idle", "sad", SubResource( 27 ), "sad", "idle", SubResource( 28 ), "idle", "happy", SubResource( 29 ), "happy", "idle", SubResource( 30 ), "idle", "punch", SubResource( 31 ), "punch", "idle", SubResource( 32 ), "idle", "kick", SubResource( 33 ), "kick", "idle", SubResource( 34 ), "idle", "jump", SubResource( 35 ), "jump", "idle", SubResource( 36 ), "idle", "walk", SubResource( 37 ), "walk", "idle", SubResource( 38 ), "idle", "run", SubResource( 39 ), "run", "idle", SubResource( 40 ) ]
start_node = "idle"
graph_offset = Vector2( -32, -110.708 )

[sub_resource type="AnimationNodeStateMachinePlayback" id=42]

[node name="tux" instance=ExtResource( 1 )]
script = ExtResource( 4 )
animations = NodePath("AnimationTree")
collision_shape = NodePath("Shape")

[node name="Armature" parent="." index="0"]
transform = Transform( 0.291797, 0, 0, 0, 0.291797, 0, 0, 0, 0.291797, 0, 0.2, 0 )

[node name="Skeleton" parent="Armature" index="0"]
bones/0/bound_children = [ NodePath("BoneAttachment") ]

[node name="tux" parent="Armature/Skeleton" index="0"]
material/0 = ExtResource( 2 )

[node name="BoneAttachment" type="BoneAttachment" parent="Armature/Skeleton" index="1"]
bone_name = "bone"

[node name="Sprite3D" type="Sprite3D" parent="Armature/Skeleton/BoneAttachment" index="0"]
transform = Transform( 1.65904, 0, 2.9987, 0, 3.42704, 0, -2.9987, 0, 1.65904, 0, 2.39893, 0 )
visible = false
pixel_size = 0.0005
axis = 1
texture = ExtResource( 3 )

[node name="AnimationPlayer" parent="." index="1"]
anims/stun = SubResource( 1 )
anims/stun_sprite_invisible = SubResource( 2 )
anims/stun_sprite_visible = SubResource( 3 )

[node name="Shape" type="CollisionShape" parent="." index="2"]
transform = Transform( 1, 0, 0, 0, -1.62921e-07, -1, 0, 1, -1.62921e-07, 0, 0.4, 0 )
shape = SubResource( 4 )

[node name="AnimationTree" type="AnimationTree" parent="." index="3"]
tree_root = SubResource( 41 )
anim_player = NodePath("../AnimationPlayer")
active = true
parameters/playback = SubResource( 42 )
parameters/stun/Add2/add_amount = 0.5
